<record><leader>00000cas a2200000 a 4500</leader><controlfield tag="001">11772174</controlfield><controlfield tag="008">850306d18821969nyudn ne      0    0eng c</controlfield><datafield ind1=" " ind2=" " tag="010"><subfield code="a">sn 85054322 </subfield></datafield><datafield ind1=" " ind2=" " tag="040"><subfield code="a">NYG</subfield><subfield code="b">eng</subfield><subfield code="c">NYG</subfield><subfield code="d">NPT</subfield><subfield code="d">UNP</subfield><subfield code="d">DLC</subfield><subfield code="d">NSD</subfield><subfield code="d">NYS</subfield><subfield code="d">NLG</subfield><subfield code="d">NYS</subfield><subfield code="d">OCLCQ</subfield><subfield code="d">OCLCF</subfield><subfield code="d">OCLCO</subfield></datafield><datafield ind1="1" ind2=" " tag="029"><subfield code="a">AU@</subfield><subfield code="b">000020369112</subfield></datafield><datafield ind1=" " ind2=" " tag="042"><subfield code="a">pcc</subfield></datafield><datafield ind1=" " ind2=" " tag="043"><subfield code="a">n-us-ny</subfield></datafield><datafield ind1="0" ind2="0" tag="050"><subfield code="a">Newspaper 7002</subfield></datafield><datafield ind1="0" ind2="4" tag="245"><subfield code="a">The Utica daily press.</subfield></datafield><datafield ind1="1" ind2="7" tag="246"><subfield code="a">Daily press</subfield></datafield><datafield ind1="1" ind2="3" tag="246"><subfield code="a">Utica press</subfield></datafield><datafield ind1=" " ind2=" " tag="260"><subfield code="a">Utica, N.Y. :</subfield><subfield code="b">Press Pub. Co.,</subfield><subfield code="c">1882-1969.</subfield></datafield><datafield ind1=" " ind2=" " tag="300"><subfield code="a">v. :</subfield><subfield code="b">ill. ;</subfield><subfield code="c">60-70 cm.</subfield></datafield><datafield ind1=" " ind2=" " tag="310"><subfield code="a">Daily (except Sunday)</subfield></datafield><datafield ind1="0" ind2=" " tag="362"><subfield code="a">Vol. 1, no. 227 (Dec. 1, 1882)-Sept. 27, 1969.</subfield></datafield><datafield ind1=" " ind2=" " tag="500"><subfield code="a">Publishers: Press Pub. Co., 1882-&lt;1888&gt;; Utica Press Co., &lt;1893-1903&gt;; Utica Daily Press Co., &lt;1908-1933&gt;; Utica Observer-Dispatch Inc., &lt;1938&gt;-1969.</subfield></datafield><datafield ind1=" " ind2=" " tag="515"><subfield code="a">Publication suspended because of strike July 15-Oct. 23, 1967.</subfield></datafield><datafield ind1=" " ind2=" " tag="580"><subfield code="a">Weekly ed.: Utica weekly press, &lt;1886-1887&gt;; semiweekly ed.: Utica semi-weekly press, &lt;1894-1905&gt;.</subfield></datafield><datafield ind1=" " ind2="0" tag="651"><subfield code="a">Utica (N.Y.)</subfield><subfield code="v">Newspapers.</subfield></datafield><datafield ind1=" " ind2="0" tag="651"><subfield code="a">Oneida County (N.Y.)</subfield><subfield code="v">Newspapers.</subfield></datafield><datafield ind1=" " ind2="7" tag="655"><subfield code="a">Newspapers.</subfield><subfield code="2">fast</subfield><subfield code="0">(OCoLC)fst01423814</subfield></datafield><datafield ind1=" " ind2="7" tag="651"><subfield code="a">New York (State)</subfield><subfield code="z">Oneida County.</subfield><subfield code="2">fast</subfield><subfield code="0">(OCoLC)fst01209049</subfield></datafield><datafield ind1=" " ind2="7" tag="651"><subfield code="a">New York (State)</subfield><subfield code="z">Utica.</subfield><subfield code="2">fast</subfield><subfield code="0">(OCoLC)fst01207805</subfield></datafield><datafield ind1=" " ind2=" " tag="752"><subfield code="a">United States</subfield><subfield code="b">New York</subfield><subfield code="c">Oneida</subfield><subfield code="d">Utica.</subfield></datafield><datafield ind1="1" ind2=" " tag="775"><subfield code="t">Utica weekly press</subfield><subfield code="w">(DLC)sn 91066661</subfield><subfield code="w">(OCoLC)24271308</subfield></datafield><datafield ind1="1" ind2=" " tag="775"><subfield code="t">Utica semi-weekly press</subfield><subfield code="w">(DLC)sn 84035922</subfield><subfield code="w">(OCoLC)11508122</subfield></datafield><datafield ind1="0" ind2="0" tag="780"><subfield code="t">Press (Utica, N.Y.)</subfield><subfield code="w">(DLC)   86091474</subfield><subfield code="w">(OCoLC)13656799</subfield></datafield><datafield ind1="0" ind2="0" tag="785"><subfield code="t">Daily press (Utica, N.Y.)</subfield><subfield code="x">0890-0310</subfield><subfield code="w">(DLC)sn 86071761</subfield><subfield code="w">(OCoLC)6096805</subfield></datafield></record>